<record><leader>00000cas a2200000 a 4500</leader><controlfield tag="001">35963908</controlfield><controlfield tag="008">961120d188019uumiuwr ne      0    0eng c</controlfield><datafield ind1=" " ind2=" " tag="010"><subfield code="a">sn 96077280 </subfield></datafield><datafield ind1=" " ind2=" " tag="040"><subfield code="a">MHN</subfield><subfield code="b">eng</subfield><subfield code="c">MHN</subfield><subfield code="d">OCL</subfield><subfield code="d">OCLCQ</subfield><subfield code="d">OCLCF</subfield><subfield code="d">OCLCO</subfield></datafield><datafield ind1="1" ind2=" " tag="029"><subfield code="a">AU@</subfield><subfield code="b">000012971713</subfield></datafield><datafield ind1=" " ind2=" " tag="042"><subfield code="a">pcc</subfield></datafield><datafield ind1=" " ind2=" " tag="043"><subfield code="a">n-us-mi</subfield></datafield><datafield ind1="0" ind2=" " tag="130"><subfield code="a">Monroe Democrat (Monroe, Mich.)</subfield></datafield><datafield ind1="1" ind2="4" tag="245"><subfield code="a">The Monroe Democrat.</subfield></datafield><datafield ind1="1" ind2="7" tag="246"><subfield code="a">Monroe Democrat twice-a-week</subfield><subfield code="f">Oct. 16, 1901-June 21, 1902</subfield></datafield><datafield ind1=" " ind2=" " tag="260"><subfield code="a">Monroe, Mich. :</subfield><subfield code="b">Democrat Pub. Co.</subfield></datafield><datafield ind1=" " ind2=" " tag="300"><subfield code="a">v.</subfield></datafield><datafield ind1=" " ind2=" " tag="310"><subfield code="a">Weekly,</subfield><subfield code="b">June 27, 1902-&lt;19uu&gt;</subfield></datafield><datafield ind1=" " ind2=" " tag="321"><subfield code="a">Weekly,</subfield><subfield code="b">Mar. 17, 1880-Oct. 9, 1901</subfield></datafield><datafield ind1=" " ind2=" " tag="321"><subfield code="a">Biweekly,</subfield><subfield code="b">Oct. 16, 1901-June 21, 1902</subfield></datafield><datafield ind1="0" ind2=" " tag="362"><subfield code="a">Vol. 1, no. 1 (Mar. 17, 1880)-</subfield></datafield><datafield ind1=" " ind2=" " tag="580"><subfield code="a">Absorbed by: Monroe evening news.</subfield></datafield><datafield ind1=" " ind2="0" tag="651"><subfield code="a">Monroe (Mich.)</subfield><subfield code="v">Newspapers.</subfield></datafield><datafield ind1=" " ind2="0" tag="651"><subfield code="a">Monroe County (Mich.)</subfield><subfield code="v">Newspapers.</subfield></datafield><datafield ind1=" " ind2="7" tag="655"><subfield code="a">Newspapers.</subfield><subfield code="2">fast</subfield><subfield code="0">(OCoLC)fst01423814</subfield></datafield><datafield ind1=" " ind2="7" tag="651"><subfield code="a">Michigan</subfield><subfield code="z">Monroe.</subfield><subfield code="2">fast</subfield><subfield code="0">(OCoLC)fst01215911</subfield></datafield><datafield ind1=" " ind2="7" tag="651"><subfield code="a">Michigan</subfield><subfield code="z">Monroe County.</subfield><subfield code="2">fast</subfield><subfield code="0">(OCoLC)fst01215990</subfield></datafield><datafield ind1=" " ind2=" " tag="752"><subfield code="a">United States</subfield><subfield code="b">Michigan</subfield><subfield code="c">Monroe</subfield><subfield code="d">Monroe.</subfield></datafield><datafield ind1="0" ind2="0" tag="780"><subfield code="t">Monroe monitor (Monroe, Mich.)</subfield><subfield code="w">(DLC)sn 85033740</subfield><subfield code="w">(OCoLC)12224849</subfield></datafield><datafield ind1="1" ind2="4" tag="785"><subfield code="t">Monroe evening news</subfield><subfield code="w">(DLC)sn 96077281</subfield><subfield code="w">(OCoLC)35981181</subfield></datafield></record>